@book { [AMR08],
  short = "AMR08",
  title = "Analyse de Fourier dans les espaces fonctionnels",
  subtitle = "Niveau M1",
  author = "Mohammed El-Amrani",
  publisher = "Ellipses",
  date = "2008-08-28",
  categories = "analysis",
  isbn13 = "978-2729839038",
  isbn10 = "2729839038",
  buy = "https://url.skyost.eu/agreg-amr08",
  url = "https://www.editions-ellipses.fr/accueil/3908-14232-analyse-de-fourier-dans-les-espaces-fonctionnels-niveau-m1-9782729839031.html",
  comment = "Ce livre est quasi-indispensable pour remplir les parties sur la transformée de Fourier qui s'insèrent dans beaucoup de leçons. Il peut également être utilisé pour tout ce qui touche à la convolution."
}
