@book { [AMR11],
  short = "AMR11",
  title = "Suites et séries numériques, suites et séries de fonctions",
  author = "Mohammed El-Amrani",
  publisher = "Ellipses",
  date = "2011-11-15",
  categories = "analysis",
  isbn13 = "978-2729870393",
  isbn10 = "2729870393",
  buy = "https://url.skyost.eu/agreg-amr11",
  url = "https://www.editions-ellipses.fr/accueil/3910-14234-suites-et-series-numeriques-suites-et-series-de-fonctions-9782729870393.html",
  comment = "Référence très complète pour tout ce qui touche aux suites et séries numériques ainsi qu'aux suites et séries de fonctions. Elle contient de très nombreux exercices, et est globalement bien expliquée. Un ouvrage de grande qualité, en résumé."
}
