@book { [BMP],
  short = "BMP",
  title = "Objectif agrégation",
  edition = "2",
  author = "Vincent Beck and Jérome Malick and Gabriel Peyré",
  publisher = "H\&K",
  date = "2005-08-22",
  categories = "algebra, analysis",
  isbn13 = "978-2914010924",
  isbn10 = "2914010923",
  buy = "https://url.skyost.eu/agreg-bmp",
  url = "https://objectifagregation.github.io",
  comment = "Il s'agit là d'un recueil des éléments importants du programme, qui va vous permettre d'agrémenter vos leçons de plusieurs exemples et applications. D'ailleurs, les cours sont suffisamment complets pour être utilisés tels quels dans certaines leçons.",
  altcover = "https://www.h-k.fr/auto/couvertures/agreg.maths.001OA-ed2/agreg.maths.001OA-ed2\_\_couv.1re.rvb.h400px.border.jpg"
}
