@book { [B-P],
  short = "B-P",
  title = "Analyse",
  subtitle = "Théorie de l'intégration",
  edition = "8",
  author = "Marc Briane and Gilles Pages",
  publisher = "De Boeck Supérieur",
  date = "2023-08-29",
  categories = "analysis",
  isbn13 = "978-2807359550",
  isbn10 = "2807359558",
  buy = "https://url.skyost.eu/agreg-bp",
  url = "https://www.deboecksuperieur.com/ouvrage/9782807359550-analyse-theorie-de-l-integration",
  comment = "Livre très complet et pointu sur tout ce qui touche à l'intégration, le livre de Marc Briane et Gilles Pages est une vraie référence parmi les agrégatifs."
}
