@book { [C-G],
  short = "C-G",
  title = "Nouvelles histoires hédonistes de groupes et de géométries",
  subtitle = "Tome 1",
  author = "Philippe Caldero and Jérôme Germoni",
  publisher = "Calvage \& Mounet",
  date = "2017-05-13",
  categories = "algebra",
  isbn13 = "978-2916352619",
  isbn10 = "2916352619",
  buy = "https://url.skyost.eu/agreg-cg",
  url = "http://www.calvage-et-mounet.fr/2022/05/09/nouvelles-histoires-hedoniste-de-groupes-et-de-geometrie/",
  comment = "L'ouvrage de Philippe Caldero et de Jérôme Germoni est fondamental pour remplir certains plans dans lesquels les références complètes sont peu nombreuses (la leçon sur les actions sur les espaces de matrices par exemple...). Il contient également des développements d'algèbre que l'on peut caser dans beaucoup de leçons différentes.",
  altcover = "https://m.media-amazon.com/images/I/613BZuu5w6L.jpg"
}
