@book { [DAN],
  short = "DAN",
  title = "Mathématiques pour l'agrégation",
  subtitle = "Analyse et probabilités",
  author = "Jean-François Dantzer",
  publisher = "De Boeck Supérieur",
  date = "2021-04-20",
  categories = "analysis",
  isbn13 = "978-2807332195",
  isbn10 = "2807332196",
  buy = "https://url.skyost.eu/agreg-dan",
  url = "https://www.deboecksuperieur.com/ouvrage/9782807332904-mathematiques-pour-l-agregation-analyse-et-probabilites",
  comment = "Véritable pendant de la version algèbre et géométrie, ce livre est très utile pour réviser la partie analyse du programme de prépa ainsi que pour remplir les leçons de même niveau."
}
