@book { [DEM],
  short = "DEM",
  title = "Analyse numérique et équations différentielles",
  edition = "4",
  author = "Jean-Pierre Demailly",
  publisher = "EDP Sciences",
  date = "2016-05-11",
  categories = "analysis",
  isbn13 = "978-2759819264",
  isbn10 = "2759819264",
  buy = "https://url.skyost.eu/agreg-dem",
  url = "https://www.uga-editions.com/menu-principal/collections-et-revues/collections/grenoble-sciences/analyse-numerique-et-equations-differentielles-239866.kjsp",
  comment = "Pas forcément indispensable, ce livre peut néanmoins rendre de fiers services dans les leçons d'équations différentielles et d'analyse numérique. Très jolie présentation et très agréable à lire par ailleurs."
}
