@book { [D-L],
  short = "D-L",
  title = "Leçons pour l'agrégation de mathématiques",
  subtitle = "Préparation à l'oral",
  author = "Maximilien Dreveton and Joachim Lhabouz",
  publisher = "Ellipses",
  date = "2019-05-28",
  categories = "algebra, analysis",
  isbn13 = "978-2340030188",
  isbn10 = "2340030188",
  buy = "https://url.skyost.eu/agreg-dl",
  url = "https://www.editions-ellipses.fr/accueil/3543-13866-lecons-pour-lagregation-de-mathematiques-preparation-a-loral-9782340030183.html",
  comment = "Ce livre contient des plans, des retours d'oraux, et plus généralement des conseils pour toutes les leçons présentes à l'agrégation 2019, il est donc toujours d'actualité. Je déconseille cependant de construire vos plans exclusivement en vous servant de cet ouvrage, mais il peut tout-à-fait vous permettre d'agrémenter vos leçons de tout un tas d'exemples, de contre-exemples, d'applications, ... Attention néanmoins, ce livre est interdit aux oraux depuis 2023."
}
