@book { [FFN],
  short = "FFN",
  title = "Algèbre et calcul formel",
  edition = "2",
  subtitle = "Agrégation de Mathématiques Option C",
  author = "Odile Fleury, Loïc Foissy and Alain Ninet",
  publisher = "Ellipses",
  date = "2023-05-09",
  categories = "algebra",
  isbn13 = "978-2340078567",
  isbn10 = "2340078563",
  buy = "https://url.skyost.eu/agreg-ffn",
  url = "https://www.editions-ellipses.fr/accueil/14799-algebre-et-calcul-formel-agregation-de-mathematiques-option-c-2e-edition-9782340078567.html",
  comment = "Livre construit autour du calcul formel, et qui contient des TPs à réaliser pour se préparer à l'épreuve de modélisation."
}
