@book { [FGN2],
  short = "FGN2",
  title = "Oraux X-ENS Mathématiques",
  subtitle = "Volume 2",
  edition = "2",
  author = "Serge Francinou and Hervé Gianella and Serge Nicolas",
  publisher = "Cassini",
  date = "2021-03-16",
  categories = "algebra",
  isbn13 = "978-2842252497",
  isbn10 = "2842252497",
  buy = "https://url.skyost.eu/agreg-fgn2",
  url = "https://store.cassini.fr/fr/enseignement-des-mathematiques/111-oraux-x-ens-mathematiques-nouvelle-serie-vol-2.html",
  comment = "Il s'agit ici du deuxième volume de la nouvelle édition des Oraux X-ENS Mathématiques. Celui-ci est plutôt consacré à l'algèbre linéaire, et il contient pas mal d'exercices qui peuvent se retrouver dans les plans de leçons."
}
