@book { [FGN3],
  short = "FGN3",
  title = "Oraux X-ENS Mathématiques",
  subtitle = "Volume 3",
  edition = "3",
  author = "Serge Francinou and Hervé Gianella and Serge Nicolas",
  publisher = "Cassini",
  date = "2020-05-27",
  categories = "analysis",
  isbn13 = "978-2842252434",
  isbn10 = "2842252438",
  buy = "https://url.skyost.eu/agreg-fgn3",
  url = "https://store.cassini.fr/fr/enseignement-des-mathematiques/103-oraux-x-ens-mathematiques-nouvelle-serie-vol-3.html",
  comment = "Je reprends le commentaire précédent pour ce volume plutôt concentré sur l'analyse."
}
