@book { [G-K],
  short = "G-K",
  title = "De l'intégration aux probabilités",
  edition = "2",
  author = "Olivier Garet and Aline Kurtzmann",
  publisher = "Ellipses",
  date = "2019-05-28",
  categories = "analysis",
  isbn13 = "978-2340030206",
  isbn10 = "234003020X",
  buy = "https://url.skyost.eu/agreg-gk",
  url = "https://www.editions-ellipses.fr/accueil/4593-14919-de-l-integration-aux-probabilites-2e-edition-augmentee-9782340030206.html",
  comment = "Parce qu'il faut bien faire un choix parmi les nombreuses références en probabilités, l'ouvrage d'Olivier Garet et d'Aline Kurtzmann me semble en être un excellent. Il reprend en intégralité le cours d'intégration, et fait le tour du programme de probabilités pour l'agrégation."
}
