@book { [GOU21],
  short = "GOU21",
  title = "Les maths en tête",
  subtitle = "Algèbre et probabilités",
  edition = "3",
  author = "Xavier Gourdon",
  publisher = "Ellipses",
  date = "2021-07-13",
  categories = "algebra",
  isbn13 = "978-2340056764",
  isbn10 = "2340056764",
  buy = "https://url.skyost.eu/agreg-gou21",
  url = "https://www.editions-ellipses.fr/accueil/13722-25266-les-maths-en-tete-algebre-et-probabilites-3e-edition-9782340056763.html",
  comment = "Tout aussi indispensable que le tome Analyse, ce livre pourra vous servir de base dans bon nombre de leçons d'algèbre. Il représente également un précieux outil pour trouver des développements abordables et recasables. La 3ème édition (parue en 2021) est très intéressante car elle ajoute un chapitre sur les variables aléatoires discrètes qui peut totalement s'utiliser dans la leçon éponyme d'analyse."
}
