@book { [GOU20],
  short = "GOU20",
  title = "Les maths en tête",
  subtitle = "Analyse",
  edition = "3",
  author = "Xavier Gourdon",
  publisher = "Ellipses",
  date = "2020-04-21",
  categories = "analysis",
  isbn13 = "978-2340038561",
  isbn10 = "2340038561",
  buy = "https://url.skyost.eu/agreg-gou20",
  url = "https://www.editions-ellipses.fr/accueil/10446-les-maths-en-tete-analyse-3e-edition-9782340038561.html",
  comment = "Tout simplement incontournable. Ce livre peut être l'outil de base à utiliser pour construire les plans de leçons ``type prépa''. Il contient également bon nombre d'exercices qui peuvent servir de développement, ainsi que des cours complets, même sur des notions plus avancées."
}
