@book { [GOZ],
  short = "GOZ",
  title = "Théorie de Galois",
  subtitle = "Niveau L3-M1",
  edition = "2",
  author = "Ivan Gozard",
  publisher = "Ellipses",
  date = "2009-04-01",
  categories = "algebra",
  isbn13 = "978-2729842772",
  isbn10 = "2729842772",
  buy = "https://url.skyost.eu/agreg-goz",
  url = "https://www.editions-ellipses.fr/accueil/4897-15223-theorie-de-galois-niveau-l3-m1-2e-edition-9782729842772.html",
  comment = "Ce livre colle parfaitement à l'esprit des leçons sur les corps finis, extensions de corps, polynômes irréductibles, etc... Quasi-indispensable à mon avis."
}
