@book { [GRI],
  short = "GRI",
  title = "Algèbre Linéaire",
  edition = "6",
  author = "Joseph Grifone",
  publisher = "Cépaduès",
  date = "2019-01-09",
  categories = "algebra",
  isbn13 = "978-2364936737",
  isbn10 = "2364936737",
  buy = "https://url.skyost.eu/agreg-gri",
  url = "https://www.cepadues.com/livres/algebre-lineaire-edition-9782364936737.html",
  comment = "Une référence pour tout ce qui touche à l'algèbre linéaire. Très agréable à lire et très complète, je recommande chaudement."
}
