@book { [HAU],
  short = "HAU",
  title = "Les Contre-Exemples en Mathématiques",
  edition = "2",
  author = "Bertrand Hauchecorne",
  publisher = "Ellipses",
  date = "2007-06-13",
  categories = "algebra, analysis",
  isbn13 = "978-2729834184",
  isbn10 = "2729834184",
  buy = "https://url.skyost.eu/agreg-hau",
  url = "https://www.editions-ellipses.fr/accueil/5328-les-contre-exemples-en-mathematiques-9782729834180.html",
  comment = "Ce livre vous permettra d'agrémenter vos leçons de contre-exemples en tout genre. L'intégralité des leçons n'est pas représentée, mais il est tout de même assez complet pour être présent dans votre valise !"
}
