@book { [I-P],
  short = "I-P",
  title = "L'oral à l'agrégation de mathématiques",
  subtitle = "Une sélection de développements",
  edition = "2",
  author = "Lucas Isenmann and Timothée Pecatte",
  publisher = "Ellipses",
  date = "2024-03-26",
  categories = "algebra, analysis",
  isbn13 = "978-2340086487",
  isbn10 = "2340086485",
  buy = "https://url.skyost.eu/agreg-ip",
  url = "https://www.editions-ellipses.fr/accueil/15218-28346-loral-a-lagregation-de-mathematiques-une-selection-de-developpements-2e-edition-9782340086487.html",
  comment = "Une véritable référence pour trouver des développements originaux, intégralement écrit par les fondateurs du site agreg-maths.fr. Attention, la première édition de ce livre est interdite aux oraux depuis 2023."
}
