@book { [LI],
  short = "LI",
  title = "Cours d'analyse fonctionnelle",
  subtitle = "avec 200 exercices corrigés",
  author = "Daniel Li",
  publisher = "Ellipses",
  date = "2013-12-03",
  categories = "analysis",
  isbn13 = "978-2729883053",
  isbn10 = "2729883053",
  buy = "https://url.skyost.eu/agreg-li",
  url = "https://www.editions-ellipses.fr/accueil/6558-cours-danalyse-fonctionnelle-avec-200-exercices-corriges-9782729883058.html",
  comment = "Super livre, qui, comme son nom l'indique, est dédié à l'analyse fonctionnelle. Au programme : convolution, transformée de Fourier, théorème de Baire, opérateurs, dualité, distributions, ... Il contient également deux parties complètes sur les espaces normés et de Hilbert, très utiles pour les leçons du même nom."
}
