@book { [PER],
  short = "PER",
  title = "Cours d'algèbre",
  subtitle = "pour l'agrégation",
  author = "Daniel Perrin",
  publisher = "Ellipses",
  date = "1996-02-15",
  categories = "algebra",
  isbn13 = "978-2729855521",
  isbn10 = "2729855521",
  buy = "https://url.skyost.eu/agreg-per",
  url = "https://www.editions-ellipses.fr/accueil/7778-18110-cours-d-algebre-agregation-9782729855529.html",
  comment = "Livre quasi-indispensable pour remplir vos leçons d'algèbre (sur les groupes, le groupe linéaire et les corps finis notamment), et qui contient des développements classiques mais efficaces. Attention cependant, l'ouvrage commence à dater ; les exercices ne sont pas corrigés, et certaines preuves sont parfois simplement survolées."
}
