@book { [PEY],
  short = "PEY",
  title = "L'algèbre discrète de la transformée de Fourier",
  subtitle = "Niveau M1",
  author = "Gabriel Peyré",
  publisher = "Ellipses",
  date = "2004-01-15",
  categories = "algebra",
  isbn13 = "978-2729818677",
  isbn10 = "2729818677",
  buy = "https://url.skyost.eu/agreg-pey",
  url = "https://adtf-livre.github.io",
  comment = "Magnifique référence en ce qui concerne les représentations linéaires de groupes finis et la transformée de Fourier discrète. Ce livre est malheureusement quasi introuvable aujourd'hui (la bibliothèque du jury de l'agrégation fait cependant mention de 3 exemplaires mis à disposition des candidats).",
  altcover = "https://www.editions-ellipses.fr/47228-medium\_default/l-algebre-discrete-de-la-transformee-de-fourier-niveau-m1.jpg"
}
