@book { [QUE],
  short = "QUE",
  title = "Analyse complexe et applications",
  subtitle = "Nouveau tirage",
  author = "Martine Quefféllec and Hervé Queffélec",
  publisher = "Calvage \& Mounet",
  date = "2017-05-13",
  categories = "analysis",
  isbn13 = "978-2916352596",
  isbn10 = "2916352597",
  buy = "https://url.skyost.eu/agreg-que",
  url = "http://www.calvage-et-mounet.fr/2022/05/09/analyse-complexe-et-applications/",
  comment = "Ouvrage d'analyse complexe très bien présenté et très agréable à lire. Je recommande, mais attention à ne pas le découvrir le jour de l'oral.",
  altcover = "https://m.media-amazon.com/images/I/61A9OtP68AL.jpg"
}
