@book { [ROM19-2],
  short = "ROM19-2",
  title = "Analyse matricielle",
  subtitle = "Cours et exercices résolus",
  edition = "2",
  author = "Jean-Étienne Rombaldi",
  publisher = "EDP Sciences",
  date = "2019-11-07",
  categories = "algebra, analysis",
  isbn13 = "978-2759823413",
  isbn10 = "2759823415",
  buy = "https://url.skyost.eu/agreg-rom192",
  url = "https://laboutique.edpsciences.fr/produit/1101/9782759824199/analyse-matricielle-cours-et-exercices-resolus",
  comment = "Livre dédié à l'étude de l'algèbre des matrices, qui contient aussi bien des éléments d'algèbre que d'analyse."
}
