@book { [ROM21],
  short = "ROM21",
  title = "Mathématiques pour l'agrégation",
  subtitle = "Algèbre et géométrie",
  edition = "2",
  author = "Jean-Étienne Rombaldi",
  publisher = "De Boeck Supérieur",
  date = "2021-04-20",
  categories = "algebra",
  isbn13 = "978-2807332201",
  isbn10 = "280733220X",
  buy = "https://url.skyost.eu/agreg-rom21",
  url = "https://www.deboecksuperieur.com/ouvrage/9782807332201-mathematiques-pour-l-agregation-algebre-et-geometrie",
  comment = "Livre très complet, qui permet de traiter la plupart des leçons de niveau prépa. Peut également servir pour les révisions de l'écrit car contient une flopée d'exercices."
}
