@book { [ROU],
  short = "ROU",
  title = "Petit guide de calcul différentiel",
  subtitle = "à l'usage de la licence et de l'agrégation",
  edition = "4",
  author = "François Rouvière",
  publisher = "Cassini",
  date = "2015-02-27",
  categories = "analysis",
  isbn13 = "978-2842251865",
  isbn10 = "2842251865",
  buy = "https://url.skyost.eu/agreg-rou",
  url = "https://store.cassini.fr/fr/enseignement-des-mathematiques/94-petit-guide-de-calcul-differentiel-4e-ed.html",
  comment = "Parfois compliqué sur certains points, ce livre permet de traiter toutes les leçons de géométrie différentielle en profondeur. Il contient également certains développements."
}
