@book { [R-R],
  short = "R-R",
  title = "Formulaire de maths",
  subtitle = "Avec résumés de cours",
  author = "Olivier Rodot and Jean-Étienne Rombaldi",
  publisher = "De Boeck Supérieur",
  date = "2022-08-30",
  categories = "algebra, analysis",
  isbn13 = "978-2807339880",
  isbn10 = "2807339883",
  buy = "https://url.skyost.eu/agreg-rr",
  url = "https://www.deboecksuperieur.com/ouvrage/9782807339880-formulaire-de-maths",
  comment = "Ce petit livre regroupe beaucoup de formules et de rappels de cours de niveau licence et prépas. N'espérez pas remplir les leçons les plus avancées avec, mais il convient parfaitement pour des rappels de cours."
}
