@book { [ULM18],
  short = "ULM18",
  title = "Anneaux, corps, résultants",
  subtitle = "Algèbre pour L3/M1/agrégation",
  author = "Felix Ulmer",
  publisher = "Ellipses",
  date = "2018-08-28",
  categories = "algebra",
  isbn13 = "978-2340025753",
  isbn10 = "2340025753",
  buy = "https://url.skyost.eu/agreg-ulm18",
  url = "https://www.editions-ellipses.fr/accueil/9852-20186-anneaux-corps-resultants-algebre-pour-l3-m1-agregation-9782340025752.html",
  comment = "Tout comme son pendant sur la théorie des groupes, ce livre aborde de manière complète notamment la théorie des anneaux et celle des corps finis. Je l'utilise beaucoup personnellement, et je ne peux que le recommander."
}
