@book { [ULM21],
  short = "ULM21",
  title = "Théorie des groupes",
  subtitle = "Cours et exercices",
  edition = "2",
  author = "Felix Ulmer",
  publisher = "Ellipses",
  date = "2021-08-03",
  categories = "algebra",
  isbn13 = "978-2340057248",
  isbn10 = "2340057248",
  buy = "https://url.skyost.eu/agreg-ulm21",
  url = "https://www.editions-ellipses.fr/accueil/13760-25304-theorie-des-groupes-2e-edition-9782340057241.html",
  comment = "Ouvrage très complet sur toute la théorie des groupes, comportant à la fois cours et exercices. À acheter les yeux fermés pour remplir toutes vos leçons qui portent sur les anneaux et les corps finis."
}
