@book { [Z-Q],
  short = "Z-Q",
  title = "Analyse pour l'agrégation",
  subtitle = "Agrégation/Master Mathématiques",
  edition = "5",
  author = "Claude Zuily and Hervé Queffélec",
  publisher = "Dunod",
  date = "2020-08-26",
  categories = "analysis",
  isbn13 = "978-2100811809",
  isbn10 = "2100811800",
  buy = "https://url.skyost.eu/agreg-zq",
  url = "https://www.dunod.com/prepas-concours/analyse-pour-agregation-agregationmaster-mathematiques",
  comment = "Je passerai le contenu du livre tellement de notions y sont abordées, mais il est très utile dans beaucoup de leçons d'analyse. Attention cependant : il est parfois compliqué, et certaines preuves ne sont pas détaillées. De plus, l'édition 5 comporte un index non mis à jour, ce qui peut faire perdre un temps précieux le jour de l'épreuve."
}
